@article{DBLP:journals/corr/abs-2109-03784,
  author    = {Shikun Zhang and
               Omid Jafari and
               Parth Nagarkar},
  title     = {A Survey on Machine Learning Techniques for Auto Labeling of Video,
               Audio, and Text Data},
  journal   = {CoRR},
  volume    = {abs/2109.03784},
  year      = {2021},
  url       = {https://arxiv.org/abs/2109.03784},
  eprinttype = {arXiv},
  eprint    = {2109.03784},
  timestamp = {Mon, 20 Sep 2021 16:29:41 +0200},
  biburl    = {https://dblp.org/rec/journals/corr/abs-2109-03784.bib},
  bibsource = {dblp computer science bibliography, https://dblp.org}
}

@INPROCEEDINGS{4604096,
  author={Ren, Wei and Zhu, Yuesheng},
  booktitle={2008 International Conference on Intelligent Information Hiding and Multimedia Signal Processing}, 
  title={A Video Summarization Approach Based on Machine Learning}, 
  year={2008},
  volume={},
  number={},
  pages={450-453},
  doi={10.1109/IIH-MSP.2008.296}}

  @article{bernardi2016automatic,
  title={Automatic description generation from images: A survey of models, datasets, and evaluation measures},
  author={Bernardi, Raffaella and Cakici, Ruket and Elliott, Desmond and Erdem, Aykut and Erdem, Erkut and Ikizler-Cinbis, Nazli and Keller, Frank and Muscat, Adrian and Plank, Barbara},
  journal={Journal of Artificial Intelligence Research},
  volume={55},
  pages={409--442},
  year={2016}
}

@inproceedings{karpathy2015deep,
  title={Deep visual-semantic alignments for generating image descriptions},
  author={Karpathy, Andrej and Fei-Fei, Li},
  booktitle={Proceedings of the IEEE conference on computer vision and pattern recognition},
  pages={3128--3137},
  year={2015}
}

@inproceedings{jia2015guiding,
  title={Guiding the long-short term memory model for image caption generation},
  author={Jia, Xu and Gavves, Efstratios and Fernando, Basura and Tuytelaars, Tinne},
  booktitle={Proceedings of the IEEE international conference on computer vision},
  pages={2407--2415},
  year={2015}
}

@inproceedings{chen2019deep,
  title={Deep Learning for Video Captioning: A Review.},
  author={Chen, Shaoxiang and Yao, Ting and Jiang, Yu-Gang},
  booktitle={IJCAI},
  volume={1},
  pages={2},
  year={2019}
}
